@article{polishchuk2013estimation,
  title={Estimation of the size of drug-like chemical space based on GDB-17 data},
  author={Polishchuk, Pavel G and Madzhidov, Timur I and Varnek, Alexandre},
  journal={Journal of computer-aided molecular design},
  volume={27},
  number={8},
  pages={675--679},
  year={2013},
  publisher={Springer}
}

@article{kirkpatrick2004chemical,
  title={Chemical space},
  author={Kirkpatrick, Peter and Ellis, Clare},
  journal={Nature},
  volume={432},
  number={7019},
  pages={823--824},
  year={2004},
  publisher={Nature Publishing Group}
}

@article{wouters2020estimated,
  title={Estimated research and development investment needed to bring a new medicine to market, 2009-2018},
  author={Wouters, Olivier J and McKee, Martin and Luyten, Jeroen},
  journal={Jama},
  volume={323},
  number={9},
  pages={844--853},
  year={2020},
  publisher={American Medical Association}
}

@article{meyers2021novo,
  title={De novo molecular design and generative models},
  author={Meyers, Joshua and Fabian, Benedek and Brown, Nathan},
  journal={Drug Discovery Today},
  volume={26},
  number={11},
  pages={2707--2715},
  year={2021},
  publisher={Elsevier}
}
@article{lecun2015deep,
  title={Deep learning},
  author={LeCun, Yann and Bengio, Yoshua and Hinton, Geoffrey},
  journal={nature},
  volume={521},
  number={7553},
  pages={436--444},
  year={2015},
  publisher={Nature Publishing Group}
}

@article{sousa2021generative,
  title={Generative deep learning for targeted compound design},
  author={Sousa, Tiago and Correia, Jo{\~a}o and Pereira, V{\'\i}tor and Rocha, Miguel},
  journal={Journal of Chemical Information and Modeling},
  volume={61},
  number={11},
  pages={5343--5361},
  year={2021},
  publisher={ACS Publications}
}

@book{foster2019generative,
  title={Generative deep learning: teaching machines to paint, write, compose, and play},
  author={Foster, David},
  year={2019},
  publisher={O'Reilly Media}
}

@article{kadurin2017drugan,
  title={druGAN: an advanced generative adversarial autoencoder model for de novo generation of new molecules with desired molecular properties in silico},
  author={Kadurin, Artur and Nikolenko, Sergey and Khrabrov, Kuzma and Aliper, Alex and Zhavoronkov, Alex},
  journal={Molecular pharmaceutics},
  volume={14},
  number={9},
  pages={3098--3104},
  year={2017},
  publisher={ACS Publications}
}

@article{bilodeau2022generative,
  title={Generative models for molecular discovery: Recent advances and challenges},
  author={Bilodeau, Camille and Jin, Wengong and Jaakkola, Tommi and Barzilay, Regina and Jensen, Klavs F},
  journal={Wiley Interdisciplinary Reviews: Computational Molecular Science},
  pages={e1608},
  year={2022},
  publisher={Wiley Online Library}
}

@article{shorten2021text,
  title={Text data augmentation for deep learning},
  author={Shorten, Connor and Khoshgoftaar, Taghi M and Furht, Borko},
  journal={Journal of big Data},
  volume={8},
  number={1},
  pages={1--34},
  year={2021},
  publisher={Springer}
}

@article{weininger1988smiles,
  title={SMILES, a chemical language and information system. 1. Introduction to methodology and encoding rules},
  author={Weininger, David},
  journal={Journal of chemical information and computer sciences},
  volume={28},
  number={1},
  pages={31--36},
  year={1988},
  publisher={ACS Publications}
}

@article{gupta2018generative,
  title={Generative recurrent networks for de novo drug design},
  author={Gupta, Anvita and M{\"u}ller, Alex T and Huisman, Berend JH and Fuchs, Jens A and Schneider, Petra and Schneider, Gisbert},
  journal={Molecular informatics},
  volume={37},
  number={1-2},
  pages={1700111},
  year={2018},
  publisher={Wiley Online Library}
}

@article{lee2022mgcvae,
  title={MGCVAE: Multi-Objective Inverse Design via Molecular Graph Conditional Variational Autoencoder},
  author={Lee, Myeonghun and Min, Kyoungmin},
  journal={Journal of Chemical Information and Modeling},
  year={2022},
  publisher={ACS Publications}
}

@article{o2012towards,
  title={Towards a Universal SMILES representation-A standard method to generate canonical SMILES based on the InChI},
  author={Oâ€™Boyle, Noel M},
  journal={Journal of cheminformatics},
  volume={4},
  number={1},
  pages={1--14},
  year={2012},
  publisher={Springer}
}

@article{o2018deepsmiles,
  title={DeepSMILES: an adaptation of SMILES for use in machine-learning of chemical structures},
  author={O'Boyle, Noel and Dalke, Andrew},
  year={2018}
}

@article{krenn2020self,
  title={Self-referencing embedded strings (SELFIES): A 100\% robust molecular string representation},
  author={Krenn, Mario and H{\"a}se, Florian and Nigam, AkshatKumar and Friederich, Pascal and Aspuru-Guzik, Alan},
  journal={Machine Learning: Science and Technology},
  volume={1},
  number={4},
  pages={045024},
  year={2020},
  publisher={IOP Publishing}
}
@inproceedings{jin2018junction,
  title={Junction tree variational autoencoder for molecular graph generation},
  author={Jin, Wengong and Barzilay, Regina and Jaakkola, Tommi},
  booktitle={International conference on machine learning},
  pages={2323--2332},
  year={2018},
  organization={PMLR}
}

@article{landrum2013rdkit,
  title={RDKit: A software suite for cheminformatics, computational chemistry, and predictive modeling},
  author={Landrum, Greg and others},
  journal={Greg Landrum},
  year={2013}
}

@inproceedings{simonovsky2018graphvae,
  title={Graphvae: Towards generation of small graphs using variational autoencoders},
  author={Simonovsky, Martin and Komodakis, Nikos},
  booktitle={International conference on artificial neural networks},
  pages={412--422},
  year={2018},
  organization={Springer}
}

@article{de2018molgan,
  title={MolGAN: An implicit generative model for small molecular graphs},
  author={De Cao, Nicola and Kipf, Thomas},
  journal={arXiv preprint arXiv:1805.11973},
  year={2018}
}

@article{li2018multi,
  title={Multi-objective de novo drug design with conditional graph generative model},
  author={Li, Yibo and Zhang, Liangren and Liu, Zhenming},
  journal={Journal of cheminformatics},
  volume={10},
  number={1},
  pages={1--24},
  year={2018},
  publisher={Springer}
}

@article{doersch2016tutorial,
  title={Tutorial on variational autoencoders},
  author={Doersch, Carl},
  journal={arXiv preprint arXiv:1606.05908},
  year={2016}
}
@article{pu2016variational,
  title={Variational autoencoder for deep learning of images, labels and captions},
  author={Pu, Yunchen and Gan, Zhe and Henao, Ricardo and Yuan, Xin and Li, Chunyuan and Stevens, Andrew and Carin, Lawrence},
  journal={Advances in neural information processing systems},
  volume={29},
  year={2016}
}

@article{lim2018molecular,
  title={Molecular generative model based on conditional variational autoencoder for de novo molecular design},
  author={Lim, Jaechang and Ryu, Seongok and Kim, Jin Woo and Kim, Woo Youn},
  journal={Journal of cheminformatics},
  volume={10},
  number={1},
  pages={1--9},
  year={2018},
  publisher={BioMed Central}
}

@article{higgins2016beta,
  title={beta-vae: Learning basic visual concepts with a constrained variational framework},
  author={Higgins, Irina and Matthey, Loic and Pal, Arka and Burgess, Christopher and Glorot, Xavier and Botvinick, Matthew and Mohamed, Shakir and Lerchner, Alexander},
  year={2016}
}

@article{burgess2018understanding,
  title={Understanding disentangling in $\beta$-VAE},
  author={Burgess, Christopher P and Higgins, Irina and Pal, Arka and Matthey, Loic and Watters, Nick and Desjardins, Guillaume and Lerchner, Alexander},
  journal={arXiv preprint arXiv:1804.03599},
  year={2018}
}

@article{rydhmer2021dynamic,
  title={Dynamic $\beta$-VAEs for quantifying biodiversity by clustering optically recorded insect signals},
  author={Rydhmer, Klas and Selvan, Raghavendra},
  journal={Ecological Informatics},
  volume={66},
  pages={101456},
  year={2021},
  publisher={Elsevier}
}

@article{bowman2015generating,
  title={Generating sentences from a continuous space},
  author={Bowman, Samuel R and Vilnis, Luke and Vinyals, Oriol and Dai, Andrew M and Jozefowicz, Rafal and Bengio, Samy},
  journal={arXiv preprint arXiv:1511.06349},
  year={2015}
}

@article{richards2022conditional,
  title={Conditional $\beta$-VAE for De Novo Molecular Generation},
  author={Richards, Ryan J and Groener, Austen M},
  journal={arXiv preprint arXiv:2205.01592},
  year={2022}
}

@inproceedings{mathieu2019disentangling,
  title={Disentangling disentanglement in variational autoencoders},
  author={Mathieu, Emile and Rainforth, Tom and Siddharth, Nana and Teh, Yee Whye},
  booktitle={International Conference on Machine Learning},
  pages={4402--4412},
  year={2019},
  organization={PMLR}
}

@article{gomez2018automatic,
  title={Automatic chemical design using a data-driven continuous representation of molecules},
  author={G{\'o}mez-Bombarelli, Rafael and Wei, Jennifer N and Duvenaud, David and Hern{\'a}ndez-Lobato, Jos{\'e} Miguel and S{\'a}nchez-Lengeling, Benjam{\'\i}n and Sheberla, Dennis and Aguilera-Iparraguirre, Jorge and Hirzel, Timothy D and Adams, Ryan P and Aspuru-Guzik, Al{\'a}n},
  journal={ACS central science},
  volume={4},
  number={2},
  pages={268--276},
  year={2018},
  publisher={ACS Publications}
}

@article{ghose1999knowledge,
  title={A knowledge-based approach in designing combinatorial or medicinal chemistry libraries for drug discovery. 1. A qualitative and quantitative characterization of known drug databases},
  author={Ghose, Arup K and Viswanadhan, Vellarkad N and Wendoloski, John J},
  journal={Journal of combinatorial chemistry},
  volume={1},
  number={1},
  pages={55--68},
  year={1999},
  publisher={ACS Publications}
}

@article{wildman1999prediction,
  title={Prediction of physicochemical parameters by atomic contributions},
  author={Wildman, Scott A and Crippen, Gordon M},
  journal={Journal of chemical information and computer sciences},
  volume={39},
  number={5},
  pages={868--873},
  year={1999},
  publisher={ACS Publications}
}

@book{craig1998molecular,
  title={Molecular quantum electrodynamics: an introduction to radiation-molecule interactions},
  author={Craig, David Parker and Thirunamachandran, Thiru},
  year={1998},
  publisher={Courier Corporation}
}

@article{ertl2009estimation,
  title={Estimation of synthetic accessibility score of drug-like molecules based on molecular complexity and fragment contributions},
  author={Ertl, Peter and Schuffenhauer, Ansgar},
  journal={Journal of cheminformatics},
  volume={1},
  number={1},
  pages={1--11},
  year={2009},
  publisher={Springer}
}

@article{irwin2005zinc,
  title={ZINC- a free database of commercially available compounds for virtual screening},
  author={Irwin, John J and Shoichet, Brian K},
  journal={Journal of chemical information and modeling},
  volume={45},
  number={1},
  pages={177--182},
  year={2005},
  publisher={ACS Publications}
}

@article{DBLP:journals/corr/abs-1909-13371,
  author    = {Kartik Chandra and
               Erik Meijer and
               Samantha Andow and
               Emilio Arroyo{-}Fang and
               Irene Dea and
               Johann George and
               Melissa Grueter and
               Basil Hosmer and
               Steffi Stumpos and
               Alanna Tempest and
               Shannon Yang},
  title     = {Gradient Descent: The Ultimate Optimizer},
  journal   = {CoRR},
  volume    = {abs/1909.13371},
  year      = {2019},
  url       = {http://arxiv.org/abs/1909.13371},
  eprinttype = {arXiv},
  eprint    = {1909.13371},
  timestamp = {Tue, 08 Oct 2019 14:26:58 +0200},
  biburl    = {https://dblp.org/rec/journals/corr/abs-1909-13371.bib},
  bibsource = {dblp computer science bibliography, https://dblp.org}
}

@misc{https://doi.org/10.48550/arxiv.2111.09266,
  doi = {10.48550/ARXIV.2111.09266},
  
  url = {https://arxiv.org/abs/2111.09266},
  
  author = {Bengio, Yoshua and Lahlou, Salem and Deleu, Tristan and Hu, Edward J. and Tiwari, Mo and Bengio, Emmanuel},
  
  keywords = {Machine Learning (cs.LG), Artificial Intelligence (cs.AI), Machine Learning (stat.ML), FOS: Computer and information sciences, FOS: Computer and information sciences},
  
  title = {GFlowNet Foundations},
  
  publisher = {arXiv},
  
  year = {2021},
  
  copyright = {arXiv.org perpetual, non-exclusive license}
}

@misc{https://doi.org/10.48550/arxiv.1705.10843,
  doi = {10.48550/ARXIV.1705.10843},
  
  url = {https://arxiv.org/abs/1705.10843},
  
  author = {Guimaraes, Gabriel Lima and Sanchez-Lengeling, Benjamin and Outeiral, Carlos and Farias, Pedro Luis Cunha and Aspuru-Guzik, AlÃ¡n},
  
  keywords = {Machine Learning (stat.ML), Machine Learning (cs.LG), FOS: Computer and information sciences, FOS: Computer and information sciences},
  
  title = {Objective-Reinforced Generative Adversarial Networks (ORGAN) for Sequence Generation Models},
  
  publisher = {arXiv},
  
  year = {2017},
  
  copyright = {arXiv.org perpetual, non-exclusive license}
}

@article{sun2020graph,
  title={Graph convolutional networks for computational drug development and discovery},
  author={Sun, Mengying and Zhao, Sendong and Gilvary, Coryandar and Elemento, Olivier and Zhou, Jiayu and Wang, Fei},
  journal={Briefings in bioinformatics},
  volume={21},
  number={3},
  pages={919--935},
  year={2020},
  publisher={Oxford University Press}
}

@inproceedings{kong2021end,
  title={End-to-end drug entity recognition and adverse effect relation extraction via principal neighbourhood aggregation network},
  author={Kong, Luyue and Lai, Qinghan and Liu, Song},
  booktitle={Journal of Physics: Conference Series},
  volume={1848},
  number={1},
  pages={012110},
  year={2021},
  organization={IOP Publishing}
}

@inproceedings{shao2020controlvae,
  title={Controlvae: Controllable variational autoencoder},
  author={Shao, Huajie and Yao, Shuochao and Sun, Dachun and Zhang, Aston and Liu, Shengzhong and Liu, Dongxin and Wang, Jun and Abdelzaher, Tarek},
  booktitle={International Conference on Machine Learning},
  pages={8655--8664},
  year={2020},
  organization={PMLR}
}

@article{shao2021controlvae,
  title={ControlVAE: Tuning, Analytical Properties, and Performance Analysis},
  author={Shao, Huajie and Xiao, Zhisheng and Yao, Shuochao and Sun, Dachun and Zhang, Aston and Liu, Shengzhong and Wang, Tianshi and Li, Jinyang and Abdelzaher, Tarek},
  journal={IEEE transactions on pattern analysis and machine intelligence},
  year={2021},
  publisher={IEEE}
}

@inproceedings{ang2018proposed,
  title={A proposed two-input two-output self-tuning control scheme},
  author={Ang, Guang Jun Nicholas and Lim, Wei Ze and Lim, Choo Min},
  booktitle={2018 IEEE Symposium on Computer Applications \& Industrial Electronics (ISCAIE)},
  pages={102--107},
  year={2018},
  organization={IEEE}
}